@book{Eerola2004,
   Address = {Jyv{\"a}skyl{\"a}, Finland},
   Author = {Eerola, Tuomas and Toiviainen, Petri},
   Publisher = {University of Jyv{\"a}skyl{\"a}},
   Title = {MIDI Toolbox: MATLAB Tools for Music Research},
   Url = {www.jyu.fi/musica/miditoolbox/},
   Year = {2004}
 }

@book{pensamiento-creativo,
  title={El Pensamiento creativo: el poder del pensamiento lateral para la creaci{\'o}n de nuevas ideas},
  author={De Bono, E.},
  isbn={9788449300691},
  series={Paid{\'o}s Empresa},
  url={http://books.google.es/books?id=GKKCQgAACAAJ},
  year={1994},
  publisher={Ediciones Paid{\'o}s}
}

@procedings{conf/aaaiss/2008-3,
  title={AAAI Spring Symposium: Creative Intelligent Systems},
  year={2008},
}

@inproceedings{simon-colton,
  added-at = {2012-02-17T00:00:00.000+0100},
  author = {Colton, Simon},
  biburl = {http://www.bibsonomy.org/bibtex/200b381eedf793cfaef9ffb3b1f139f37/dblp},
  booktitle = {AAAI Spring Symposium: Creative Intelligent Systems},
  crossref = {conf/aaaiss/2008-3},
  ee = {http://www.aaai.org/Library/Symposia/Spring/2008/ss08-03-003.php},
  interhash = {94816b78e8f06fa0551eb2fc9e993ea1},
  intrahash = {00b381eedf793cfaef9ffb3b1f139f37},
  keywords = {dblp},
  pages = {14-20},
  publisher = {AAAI},
  timestamp = {2012-02-17T00:00:00.000+0100},
  title = {Creativity Versus the Perception of Creativity in Computational Systems.},
  url = {http://dblp.uni-trier.de/db/conf/aaaiss/aaaiss2008-3.html#Colton08},
  year = 2008
}

@misc{wikipedia-adn-2016-01-11,
  key = {Wikipedia Creative Commons},
  title = {{MS Windows NT} Kernel Description},
  howpublished = {\url{https://es.wikipedia.org/wiki/%C3%81cido_desoxirribonucleico}},
  note = {Accessed: 2016-01-11}
}

@book{tatarkiewicz1987historia,
  title={Historia de la est{\'e}tica I: La est{\'e}tica antigua},
  author={Tatarkiewicz, W.},
  isbn={9788476002407},
  series={Arte y est{\'e}tica},
  url={https://books.google.com.mx/books?id=G93giJ6XrHcC},
  year={1987},
  publisher={Ediciones Akal}
}
